
@article{Springenberg2014, 
author={{T. Springenberg, A. Dosovitskiy, T. Brox, and M. Riedmiller}},
title= {Striving for simplicity: The all convolutional net},
journal={International  Journal  of  Computer  Applications}, 
year= 2014}

@article{He2015,
	author = {{L. He, D. Jiang, L. Yang, E. Pei, P. Wu & H. Sahli}},
	title = {Multimodal affective dimension prediction using deep bidirectional long short-term memory recurrent neural networks. In Proceedings of the 5th International Workshop on Audio/Visual Emotion Challenge},
	journal = {ACM},
	pages = {73--80}, 
	year = 2015
}

@article{krizhevsky2012imagenet,
	title={Imagenet classification with deep convolutional neural networks},
	author={{A. Krizhevsky, I. Sutskever, and G. Hinton}},
	booktitle={Advances in neural information processing systems},
	pages={1097--1105},
	year={2012}
}



@article{hekaming2016imagerecog,
	title={Deep residual learning for image recognition.},
	author={{K. He, X. Zhang, R. Shaoqing, and S. Jian}},
	journal={IEEE Conference on Computer Vision and Pattern Recognition},
	year={2016},
	publisher={Springer}
}

@article{srivastava2014dropout,
	title={Dropout: A simple way to prevent neural networks from overfitting},
	author={{N. Srivastava, G. Hinton, A. Krizhevsky, I. Sutskever, and R. Salakhutdinov}},
	journal={The Journal of Machine Learning Research},
	volume={15},
	number={1},
	pages={1929--1958},
	year={2014},
	publisher={JMLR. org}
}

@article{Szegedy2012deeperconvo,
	title={Going deeper with convolutions. },
	author={{C. Szegedy, W. Liu, Y. Jia, P. Sermanet, Pierre, S. Reed, D. Anguelov, E. Dumitru, V. Erhna, R. Vincent, A. Rabinovich}},
	journal={IEEE Conference on Computer Vision and Pattern Recognition},
	pages= {1-9},
	year={2012},
	publisher={CV- Foundation}
}


@article{ LeCunHinton_DeepLearning, 
title=  {Deep learning}, author = {LeCun, Y., Bengio, Y., & Hinton, G.}, journal = {Nature}, year = {2015}
}



@inproceedings{szegedy2017inception,
	title={Inception-v4, Inception-ResNet and the Impact of Residual Connections on Learning.},
	author={C. Szegedy, S. Ioffe, V. Vanhoucke, and A. Alexander},
	booktitle={AAAI},
	pages={4278--4284},
	year={2017}
}

@article{Long2017,
	author={{M. Long, Z. Cao, J. Wang, \&
	S.Philip}},
	title={Learning multiple tasks with multilinear relationship networks},
	journal={In Advances in Neural Information Processing Systems},
	year={2017}
}


@article{Shafiee2016,
	author={{M. J. Shafiee, P. Siva, P. Fieguth, A. Wong}},
	title={Efficient deep feature learning and extraction via StochasticNets},
	year={2016},
	pages={28-36}
	publisher={Procceddings from Conference Computer Vision Pattern Recognition}
}

@article{VGG2014,
	title={Very deep convolutional networks for large-scale image recognition.},
	author={K. Simonyan and A. Zisserman. },
	journal={arXiv preprint arXiv:1409.1556.},
	year={2014},
}
